@TechReport{Aggarwal87,
  title       = {The input/output complexity of sorting and related problems},
  author      = {Aggarwal, A. and Vitter, Jeffrey},
  institution = {INRIA},
  year        = {1987},
  month       = {01},
}

% ---------------------------------------------------------------------------- %
% [Arge] Extract of paper presented at ISAAC'95
% ---------------------------------------------------------------------------- %
@InProceedings{Arge95,
  author = {Arge, Lars},
  title = {The I/O-complexity of Ordered Binary-Decision Diagram Manipulation},
  booktitle = {Proceedings of International Symposium on Algorithms and Computations, ISAAC'95},
  year = 1995,
  pages = {82 -- 91},
}

% ---------------------------------------------------------------------------- %
% [Arge] OBBD Paper in PhD Thesis
% ---------------------------------------------------------------------------- %
@InCollection{Arge96,
  author = {Arge, Lars},
  title = {The I/O-complexity of Ordered Binary-Decision Diagram Manipulation},
  booktitle = {Efficient External-Memory Data Structures and Applications},
  pages = {123 -- 145},
  year = 1996,
  Month = 08,
}

% ---------------------------------------------------------------------------- %
% [Arge] Paper with overview of datastructures; including priority queues
% ---------------------------------------------------------------------------- %
@InProceedings{Arge04,
  title = {External Geometric Data Structures},
  author = {Arge, Lars},
  year = 2004,
  month = 08,
}

% ---------------------------------------------------------------------------- %
% [Arge] A proven I/O Optimal Cache-Oblivious Priority Queue
% ---------------------------------------------------------------------------- %
@Article{Arge07,
  title   = {An Optimal Cache‐Oblivious Priority Queue and Its Application to Graph Algorithms},
  author  = {Arge, Lars and Bender, Michael and Demaine, Erik and Holland-Minkley, Bryan and Munro, J.},
  year    = 2007,
  month   = 01,
  journal = {SIAM J. Comput.},
  volume  = 36,
  pages   = {1672 -- 1695},
}

% ---------------------------------------------------------------------------- %
% [Brace] One early efficient implementation of OBDD's inclduing the use of:
%          - Complement Edges
% ---------------------------------------------------------------------------- %
@InProceedings{Brace90,
  author={Brace, Karl S.  and Rudell, Richard L. and Bryant, Randal E.},
  booktitle={27th ACM/IEEE Design Automation Conference},
  title={Efficient implementation of a BDD package},
  year={1990},
  pages={40-45},
}

% ---------------------------------------------------------------------------- %
% [Bryant] The original paper introducing OBBDs and the reduction rules
% ---------------------------------------------------------------------------- %
@Article{Bryant86,
  title   = {Graph-Based Algorithms for Boolean Function Manipulation},
  author  = {Bryant, Randal E.},
  year    = 1986,
  journal = {IEEE Transactions on Computers},
  volume  = {C-35},
  number  = 8,
  pages   = {677 -- 691},
}

% ---------------------------------------------------------------------------- %
% [Dijk] The paper introducing the parallelised OBDD package, Sylvan
%        Also provides easy to read versions of all algorithms
% ---------------------------------------------------------------------------- %
@Article{Dijk16,
  title   = {Sylvan: multi-core framework for decision diagrams},
  author  = {van Dijk, Tom and Pol, Jaco van de},
  year    = 2016,
  month   = 10,
  day     = 19,
  journal = {International Journal on Software Tools for Technology Transfer},
  number  = 19,
  pages   = {675 -- 696},
}

% ---------------------------------------------------------------------------- %
% [Gammie] MCK model checker (uses OBDDs, though not mentioned in this article)
% ---------------------------------------------------------------------------- %
@InProceedings{Gammie04,
  author    = {Gammie, Peter and van der Meyden, Ron},
  title     = {MCK: Model Checking the Logic of Knowledge},
  journal   = {Computer Aided Verification},
  publisher = {Springer Berlin Heidelberg},
  pages     = {479--483},
  year      = {2004},
}

% ---------------------------------------------------------------------------- %
% [Karplus] OBDD optimisations, such as
%           - Complementary edges
% ---------------------------------------------------------------------------- %
@TechReport{Karplus88,
  author = {Karplus, Kevin},
  title = {Representing Boolean Functions with If-Then-Else DAGs},
  year = {1988},
  publisher = {University of California at Santa Cruz},
  address = {USA}
}

% ---------------------------------------------------------------------------- %
% [Lomuscio] Describes use of OBDDs in MCMAS
% ---------------------------------------------------------------------------- %
@Article{Lomuscio17,
  author  = {Lomuscio, Alessio and Qu, Hongyang and Raimondi, Franco},
  title   = {MCMAS: an open-source model checker for the verification of multi-agent systems},
  journal = {International Journal on Software Tools for Technology Transfer},
  volume  = {19},
  pages   = {9--30},
  year    = {2017},
  month   = {02},
}

@TechReport{Molhave2012,
  author = {M\o lhave, Thomas},
  title = {Using TPIE for Processing Massive Data Sets in C++}
  year = {2012},
  publisher = {Duke University},
  address = {Durham, NC}
}

% ---------------------------------------------------------------------------- %
% [Sanders] A I/O efficient priority queue optimised for the cache.
%           Recommended reading by Gerth!
% ---------------------------------------------------------------------------- %
@Article{Sanders01,
  author    = {Sanders, Peter},
  title     = {Fast Priority Queues for Cached Memory},
  year      = 2001,
  month     = 12,
  publisher = {Association for Computing Machinery},
  journal   = {J. Exp. Algorithmics},
  volume    = 5,
  pages     = {7–es},
  numpages  = {25},
}

% ---------------------------------------------------------------------------- %
% [TPIE] The TPIE tool-box for I/O efficient algorithms.
% ---------------------------------------------------------------------------- %
@Misc{TPIE,
  title = {Templated Portable I/O-Environment (TPIE)},
  author = {Danner, Andrew and
            Drewsen, Asger Hautop and
            Truelsen, Jakob and
            Vahrenhold, Jan and
            Arge, Lars and
            Rav, Mathias and
            Revsbæk, Morten and
            Agarwal, Pankaj and
            Svendsen, Svend Christian and
            Mølhave, Thomas},
  url   = {http://madalgo.au.dk/tpie}
}